@article{LFWdataset,
  title={Labeled Faces in the Wild: A Database for Studying Face Recognition in Unconstrained Environments},
  author={Huang, Gary B. and Ramesh, Manu and Berg, Tamara and Learned-Miller, Erik},
  journal={University of Massachusetts, Amherst},
  year={2007},
  volume={1},
  number={2}
}

@article{mobilefacenet,
  title={MobileFaceNets: Efficient CNNs for Accurate Real-Time Face Verification on Mobile Devices},
  author={Chen, Sheng and Liu, Yang and Gao, Xiang and Han, Zhen},
  journal={arXiv preprint arXiv:1804.07573},
  year={2018}
}

@inproceedings{shufflefacenet,
  title={ShuffleFaceNet: A Lightweight Face Architecture for Efficient and Highly-Accurate Face Recognition},
  author={Mart{\'\i}nez-D{\'\i}az, Yoanna and Luevano, Lazaro S. and Mendez-Vazquez, Heydi and Nicol{\'a}s-D{\'\i}az, Miguel and Chang, Leonardo and Gonzalez-Mendoza, Miguel},
  booktitle={Proceedings of the IEEE/CVF International Conference on Computer Vision Workshops},
  pages={2721--2728},
  year={2019}
}

@inproceedings{pocketnet,
  title={PocketNet: Extreme Lightweight Face Recognition Network},
  author={Liu, Yang and Chen, Sheng and Han, Zhen},
  booktitle={2020 IEEE International Conference on Multimedia and Expo (ICME)},
  pages={1--6},
  year={2020},
  organization={IEEE}
}

@inproceedings{facenet,
  title={FaceNet: A Unified Embedding for Face Recognition and Clustering},
  author={Schroff, Florian and Kalenichenko, Dmitry and Philbin, James},
  booktitle={Proceedings of the IEEE Conference on Computer Vision and Pattern Recognition},
  pages={815--823},
  year={2015}
}

@article{ghostfacenet,
  title={GhostFaceNets: Lightweight Face Recognition Model From Cheap Operations},
  author={Alansari, Mohamed and Hay, Oussama Abu and Javed, Salman and Shoufan, Abdulhadi and Zweiri, Yahya and Werghi, Naoufel},
  journal={IEEE Access},
  volume={11},
  pages={37854--37867},
  year={2023},
  publisher={IEEE}
}

@inproceedings{mixfacenet,
  title={MixFaceNets: Extremely Efficient Face Recognition Networks},
  author={Boutros, Fadi and Damer, Naser and Kirchbuchner, Florian and Kuijper, Arjan},
  booktitle={2021 International Joint Conference on Biometrics (IJCB)},
  pages={1--8},
  year={2021},
  organization={IEEE}
}

@article{edgeface2023,
  title={EdgeFace: Efficient Face Recognition Model for Edge Devices},
  author={George, Anjith and Ecabert, Cl{\'e}ment and Shahreza, Hatef Otroshi and Kotwal, Ketan and Marcel, S{\'e}bastien},
  journal={arXiv preprint arXiv:2307.01838},
  year={2023}
}

@inproceedings{shufflenetv2,
  title={ShuffleNet V2: Practical Guidelines for Efficient CNN Architecture Design},
  author={Ma, Ningning and Zhang, Xiangyu and Zheng, Hai-Tao and Sun, Jian},
  booktitle={Proceedings of the European Conference on Computer Vision (ECCV)},
  pages={116--131},
  year={2018}
}

@article{facecompression,
  title={Efficient Neural Network Compression for Face Recognition},
  author={Duong, Chi Nhan and Luu, Kha and Quach, Khoa and Bui, Tien},
  journal={IEEE Transactions on Pattern Analysis and Machine Intelligence},
  volume={43},
  number={12},
  pages={4309--4323},
  year={2021},
  publisher={IEEE}
}

@inproceedings{mixconv,
  title={MixConv: Mixed Depthwise Convolutional Kernels},
  author={Tan, Mingxing and Le, Quoc V},
  booktitle={Proceedings of the British Machine Vision Conference (BMVC)},
  year={2019}
}

@article{imbalancedlearning,
  title={Learning from Imbalanced Data},
  author={He, Haibo and Garcia, Edwardo A},
  journal={IEEE Transactions on Knowledge and Data Engineering},
  volume={21},
  number={9},
  pages={1263--1284},
  year={2009},
  publisher={IEEE}
}

@article{violarjones,
  title={Robust Real-Time Face Detection},
  author={Viola, Paul and Jones, Michael J},
  journal={International Journal of Computer Vision},
  volume={57},
  number={2},
  pages={137--154},
  year={2004},
  publisher={Springer}
}

@inproceedings{mtagging,
  title={Multi-stage Learning for Face Detection and Tagging},
  author={Schwartz, William Robson and Menezes, Paulo and Campos, Victor and Stuchi, Jose A},
  booktitle={2019 IEEE/CVF Conference on Computer Vision and Pattern Recognition Workshops (CVPRW)},
  pages={2729--2736},
  year={2019},
  organization={IEEE}
}

@article{vargfacenet,
  title={VarGFaceNet: An Efficient Variable Group Convolutional Neural Network for Lightweight Face Recognition},
  author={Yan, Mengjia and Zhao, Mengao and Xu, Zining and Zhang, Qian and Wang, Guoli and Su, Zhiqi},
  journal={IEEE/CAA Journal of Automatica Sinica},
  volume={8},
  number={12},
  pages={1906--1918},
  year={2021},
  publisher={IEEE}
}

@article{adaptiveface,
  title={Adaptive Face Recognition in the Era of Facial Transformations},
  author={Damer, Naser and Boutros, Fadi and Raja, Kiran and Kirchbuchner, Florian and Kuijper, Arjan},
  journal={IEEE Transactions on Biometrics, Behavior, and Identity Science},
  volume={3},
  number={4},
  pages={588--601},
  year={2021},
  publisher={IEEE}
}

@article{edgecomputing,
  title={Edge Computing: Vision and Challenges},
  author={Shi, Weisong and Cao, Jie and Zhang, Quan and Li, Youhuizi and Xu, Lanyu},
  journal={IEEE Internet of Things Journal},
  volume={3},
  number={5},
  pages={637--646},
  year={2016},
  publisher={IEEE}
}

@article{automl,
  title={AutoML: A Survey of the State-of-the-Art},
  author={He, Xin and Zhao, Kaiyong and Chu, Xiaowen},
  journal={Knowledge-Based Systems},
  volume={212},
  pages={106622},
  year={2021},
  publisher={Elsevier}
}

@article{pytorch,
  title={Pytorch: An imperative style, high-performance deep learning library},
  author={Paszke, Adam and Gross, Sam and Massa, Francisco and Lerer, Adam and Bradbury, James and Chanan, Gregory and Killeen, Trevor and Lin, Zeming and Gimelshein, Natalia and Antiga, Luca and others},
  journal={Advances in neural information processing systems},
  volume={32},
  year={2019}
}

@inproceedings{mtcnn,
  title={Joint Face Detection and Alignment using Multitask Cascaded Convolutional Networks},
  author={Zhang, Kaipeng and Zhang, Zhanpeng and Li, Zhifeng and Qiao, Yu},
  booktitle={IEEE Signal Processing Letters},
  volume={23},
  number={10},
  pages={1499--1503},
  year={2016}
}

@misc{thop,
  title={THOP: PyTorch-OpCounter},
  author={Ligeng Zhu},
  howpublished={\url{https://github.com/Lyken17/pytorch-OpCounter}},
  year={2019}
}

@inproceedings{edgeface2021,
  title={EdgeFace: A Lightweight Framework for Face Recognition on Edges},
  author={Li, Jian and Zhou, Jianjun and Zhang, Jinglu and Jia, Yunpeng},
  booktitle={2021 IEEE International Conference on Multimedia and Expo (ICME)},
  pages={1--6},
  year={2021},
  organization={IEEE}
}